@inproceedings{petre2013uml,
  address = {Piscataway, NJ, USA},
  author = {Petre, Marian},
  booktitle = {35th International Conference on Software Engineering (ICSE 2013)},
  isbn = {978-1-4673-3076-3},
  pages = {722--731},
  publisher = {IEEE Press},
  title = {UML in practice},
  url = {http://dl.acm.org/citation.cfm?id=2486788.2486883},
  year = {2013}
}

@article{whittle2014mde,
  address = {Los Alamitos, CA, USA},
  author = {Whittle, Jon and Hutchinson, John and Rouncefield, Mark},
  doi = {10.1109/MS.2013.65},
  issn = {0740-7459},
  journal = {Software, IEEE},
  keywords = {MDE,model driven engineering practice,software design,software design methodologies},
  number = {3},
  pages = {79--85},
  publisher = {IEEE},
  title = {{The State of Practice in Model-Driven Engineering}},
  volume = {31},
  year = {2014}
}

@inproceedings{bezivin1997ontology,
  title={Ontology-based layered semantics for precise OA\&D modeling},
  author={B{\'e}zivin, Jean and Lemesle, Richard},
  booktitle={Proceedings of the ECOOP'97 Workshop on Precise Semantics for Object-Oriented Modeling Techniques},
  year={1997},
  organization={Springer}
}

@article{atkinson2001multilevel,
  doi = {10.1007/3-540-45441-1},
  isbn = {978-3-540-42667-7},
  issn = {16113349},
  journal = {«UML» 2001 — The Unified Modeling Language. Modeling Languages, Concepts, and Tools},
  number = {JANUARY},
  pages = {134--148},
  title = {{The Essence of Multilevel Metamodeling}},
  url = {http://www.springerlink.com/content/2lqcmbcn9l2v465r},
  volume = {2185},
  year = {2001}
}
                               
@article{alvarez2001mml,
  author = {{\'{A}}lvarez, Jos{\'{e}} and Evans, Andy and Sammut, Paul},
  journal = {WTUML: Workshop on {\ldots}},
  title = {{MML and the Metamodel Architecture}},
  url = {ftp://ftp.cs.york.ac.uk/papers/rtspapers/R:Alvarez:2001.pdf},
  year = {2001}
}

@article{gonzalez2006powertype,
  title={A powertype-based metamodelling framework},
  author={Gonzalez-Perez, Cesar and Henderson-Sellers, Brian},
  journal={Software \& Systems Modeling},
  volume={5},
  number={1},
  pages={72--90},
  year={2006},
  publisher={Springer}
}

@article{atkinson2003model,
  title={Model-driven development: a metamodeling foundation},
  author={Atkinson, Colin and Kuhne, Thomas},
  journal={Software, IEEE},
  volume={20},
  number={5},
  pages={36--41},
  year={2003},
  publisher={IEEE}
}

@article{atkinson2016melanee,
  author = {Atkinson, Colin and Gerbig, Ralph},
  journal = {Modellierung 2016},
  keywords = {deep modeling,domain-specific languages,melanee,tool demonstration},
  pages = {117--121},
  title = {{Flexible Deep Modeling with Melanee}},
  year = {2016}
}

@incollection{de2010deep,
  title={Deep meta-modelling with metadepth},
  author={De Lara, Juan and Guerra, Esther},
  booktitle={Objects, Models, Components, Patterns},
  pages={1--20},
  year={2010},
  publisher={Springer}
}

@inproceedings{rabbi2016webdpf,
  title={WebDPF: A web-based metamodelling and model transformation environment},
  author={Rabbi, F and Lamo, Y and Yu, IC and Kristensen, LM},
  booktitle={Proceedings of the 4th International Conference on Model-Driven Engineering and Software Development},
  pages={87--98},
  year={2016}
}

@inproceedings{litvinov2017realnet,
  title={Среда предметно-ориентированного визуального моделиро- вания REAL.NET},
  author={Литвинов Ю.В., Кузьмина Е.В., Небогатиков И.Ю., Алымова Д.А.},
  booktitle={СПИСОК-2017. Материалы 7-й всероссийской научной конференции по проблемам информатики},
  pages={80--89},
  year={2017}
}
